@article{carqueville2016orbifold,
  title={Orbifold equivalent potentials},
  author={Carqueville, Nils and Camacho, Ana Ros and Runkel, Ingo},
  journal={Journal of Pure and Applied Algebra},
  volume={220},
  number={2},
  pages={759--781},
  year={2016},
  publisher={Elsevier}
}

@article{carqueville2016completion,
  title={Orbifold completion of defect bicategories},
  author={Carqueville, Nils and Runkel, Ingo},
  journal={Quantum Topology},
  volume={7},
  number={2},
  pages={203--279},
  year={2016}
}

@article{camacho2016strangely,
  title={Strangely dual orbifold equivalence {I}},
  author={Camacho, Ana Ros and Newton, Rachel},
  journal={Journal of Singularities},
  volume={14},
  pages={34--51},
  year={2016}
}

@article{camacho2016orbifold,
  title={Orbifold autoequivalent exceptional unimodal singularities},
  author={Camacho, Ana Ros and Newton, Rachel},
  journal={arXiv preprint arXiv:1607.07081}
}

@article{bezanson2017julia,
  title={Julia: A fresh approach to numerical computing},
  author={Bezanson, Jeff and Edelman, Alan and Karpinski, Stefan and Shah, Viral B},
  journal={SIAM Review},
  volume={59},
  number={1},
  pages={65--98},
  year={2017},
  publisher={SIAM}
}

@inproceedings{FGb,
author = {Faug\`ere, Jean-Charles},
title = {{FGb: A Library for Computing Gr\"obner Bases}},
booktitle = {{Mathematical Software - ICMS 2010}},
series = {Lecture Notes in Computer Science},
editor = {Fukuda, Komei and Hoeven, Joris and Joswig, Michael 
          and Takayama, Nobuki}, 
publisher = {Springer Berlin / Heidelberg},
year = {2010},                    
pages = {84--87},                    
volume = {6327},
doi = {10.1007/978-3-642-15582-6_17},
address = {Berlin, Heidelberg},                    
location = {Kobe, Japan},                   
 month = {September}
}

@article{carqueville2012algorithmic,
  title={Algorithmic deformation of matrix factorisations},
  author={Carqueville, Nils and Dowdy, Laura and Recknagel, Andreas},
  journal={Journal of High Energy Physics},
  volume={4},
  year={2012}
}